@book{van1995python,
  title={Python reference manual},
  author={Van Rossum, Guido and Drake Jr, Fred L},
  year={1995},
  publisher={Centrum voor Wiskunde en Informatica Amsterdam}
} 

@misc{lamport1986latex,
  title={LATEX: A Document Preparation System, Adison},
  author={Lamport, Leslie},
  year={1986},
  publisher={Wesley Publishing Co., Reading. Ma}
}